@Book{giolo:2017,
  author = 	 {Suely Ruiz Giolo},
  ALTeditor = 	 {},
  title = 	 {Introdução à análise de dados categóricos com aplicações},
  publisher = 	 {Blucher},
  year = 	 {2017},
  OPTkey = 	 {},
  OPTvolume = 	 {},
  OPTnumber = 	 {},
  OPTseries = 	 {},
  OPTaddress = 	 {},
  OPTedition = 	 {},
  OPTmonth = 	 {},
  note = 	 {ABE-Projeto Fisher},
  OPTannote = 	 {}
}

@book{wild+seber:2000,
        title = {Chance Encounters: A First Course in Data Analysis and Inference},
        language = {English},
        author = {Christopher J. Wild and George A. F. Seber},
	editor = {John Wiles \& Sons},
        year = {2000}
}

@book{wild+seber:2004,
        title = {Encontros Com O Acaso. Primeiro Curso De Análise De Dados e Inferência},
        language = {Portuguese},
        author = {Christopher J. Wild and George A. F. Seber},
        year = {2004}
}

@book{utts:2005,
        title = {Seeing Through Statistics},
        language = {English},
        author = {Jessica M. Utts},
	editor = {Cengage Learning},
        year = {2005}
}

@book{stone:2013,
        title = {Bayes' rule: a tutorial introduction to Bayesian analysis},
        isbn = {9780956372840 0956372848},
        shorttitle = {{Bayes'} rule},
	language = {English},
        author = {Stone, James V},
        year = {2013}
}

@Book{harari,
  Title                    = {\textit{Sapiens} -- Uma breve história de humanidade},
  Author                   = {Yuval Noah Harari},
  Publisher                = {LPM},
  Year                     = {2018},
  Address                  = {Porto Alegre, SP},
  Edition                  = {38},
}


@Manual{Rsoftware,
  title =        {R: A Language and Environment for Statistical
                  Computing},
  author =       {{R Core Team}},
  organization = {R Foundation for Statistical Computing},
  address =      {Vienna, Austria},
  year =         {2018},
  url =          {https://www.R-project.org/},
}

@Book{banzatto,
  Title                    = {Experimentação Agrícola},
  Author                   = {Banzatto, D. A. and Kronka, S. D.},
  Publisher                = {Funep},
  Year                     = {2013},
  Address                  = {Jaboticabal, SP},
  Edition                  = {4},
}


@Book{box+hunter+hunter:2005,
  Title                    = {Statistics and Scientific Method: An Introduction for Students and Researchers},
  Author                   = {George E. P. Box and Willian G. Hunter and Stuart J. Hunter},
  Publisher                = {Wiley},
  Year                     = {2005},
  Address                  = {New Jersey},
  Edition                  = {2},
}

@Book{bussab+morettin:2017,
  Title                    = {Estatística Básica},
  Author                   = {Wilton O. Bussab and Pedro A. Morettin},
  Publisher                = {Saraiva},
  Year                     = {2017},
  Address                  = {São Paulo},
  Edition                  = {9},
}

@Book{magalhaes+lima:2015,
  Title                    = {Noções de Probabilidade e Estatística},
  Author                   = {Marcos Nascimento Magalh{\~a}es and Antonio Carlos Pedroso de Lima},
  Publisher                = {Edusp},
  Year                     = {2015},
  Address                  = {São Paulo},
  Edition                  = {7},
}

@Book{diggle+chetwynd:2011,
  Title                    = {Statistics and Scientific Method: An Introduction for Students and Researchers},
  Author                   = {Peter J. Diggle and Amanda G. Chetwynd},
  Publisher                = {Oxford University Press},
  Year                     = {2011},
  Address                  = {Oxford},
  Edition                  = {1},
}

@article{gammacount,
  author = {Walmes Marques Zeviani and Paulo Justiniano Ribeiro Jr and
                  Wagner Hugo Bonat and Silvia Emiko Shimakura and Joel
                  Augusto Muniz},
  title = {The Gamma-count distribution in the analysis of experimental
                  underdispersed data},
  journal = {Journal of Applied Statistics},
  volume = {41},
  number = {12},
  pages = {2616-2626},
  year = {2014},
  doi = {10.1080/02664763.2014.922168},
  URL = {http://dx.doi.org/10.1080/02664763.2014.922168},
  eprint = {http://dx.doi.org/10.1080/02664763.2014.922168}
}

@Booklet{mcie,
  title = 	 {Métodos Computacionais para Inferência Estatística},
  OPTkey = 	 {},
  author = 	 {Paulo J. {Ribeiro~Jr} and Wagner H. Bonat and Walmes Marques Zeviani and Elias T. Krainski},
  OPThowpublished = {},
  address = 	 {12o Simpósio Nacional de Probabilidade e Estatística},
  OPTmonth = 	 {},
  year = 	 {2012},
  OPTnote = 	 {},
  url     =      {http://www.leg.ufpr.br/mcie},
  OPTannote = 	 {}
}

@Book{nolan+speed:2000,
  Title                    = {Stat Labs: Mathematical Statistics through Applications},
  Author                   = {Deborah Nolan and Terry Speed},
  Publisher                = {Springer},
  Year                     = {2000},
  Address                  = {New York},
  Edition                  = {1},
}

@book{pawitan2001,
author = {Yudi Pawitan},
isbn = {0198507658},
pages = {544},
publisher = {Oxford University Press, USA},
title = {{In All Likelihood: Statistical Modelling and Inference Using Likelihood}},
year = {2001}
}

