@Manual{Rsoftware,
  title =        {R: A Language and Environment for Statistical
                  Computing},
  author =       {{R Core Team}},
  organization = {R Foundation for Statistical Computing},
  address =      {Vienna, Austria},
  year =         {2016},
  url =          {https://www.R-project.org/},
}

@article{gammacount,
  author = {Walmes Marques Zeviani and Paulo Justiniano Ribeiro Jr and
                  Wagner Hugo Bonat and Silvia Emiko Shimakura and Joel
                  Augusto Muniz},
  title = {The Gamma-count distribution in the analysis of experimental
                  underdispersed data},
  journal = {Journal of Applied Statistics},
  volume = {41},
  number = {12},
  pages = {2616-2626},
  year = {2014},
  doi = {10.1080/02664763.2014.922168},
  URL = {http://dx.doi.org/10.1080/02664763.2014.922168},
  eprint = {http://dx.doi.org/10.1080/02664763.2014.922168}
}
